@article{2,
    title  = "Very Deep Convolutional Networks for Large-Scale Image Recognition.",
    author   = "K. Simonyan and A. Zisserman.",
    year    = "2014",
    journal = "arXiv:1409.1556",
}

@article{1,
    author  = "Leon A. Gatys, Alexander S. Ecker, Matthias Bethge",
    title   = "Image style transfer using convolutional neural networks",
    year    = "2016",
    journal = "Proceedings of the IEEE conference on computer vision and pattern recognition",
    %volume  = "14",
    %number  = "3",
    pages   = "2414-2423"
}



@article{4,
    author = "Jun-Yan Zhu, Taesung Park, Phillip Isola, Alexei A. Efros",
    title = "Unpaired Image-to-Image Translation using Cycle-Consistent Adversarial Networks",
    year = "2017",
    journal = "arXiv:1703.10593"
}


%@article{3,
%    author = "Goodfellow, et al",
%    title = "Generative Adversarial Nets",
%    year = {2014},
%    journal = {MIT Press},
%}


%@article{5,
%    author = {Krizhevsky, Alex and Sutskever, Ilya and Hinton, Geoffrey E.},
%    title = {ImageNet Classification with Deep Convolutional Neural Networks},
%    year = {2017},
%    volume = {60},
%    number = {6},
%    issn = {0001-0782},
%    journal = {Commun. Association for Computing Machinery, https://doi.org/10.1145/3065386},
%    pages = {84â€“90},
%}

@misc{6,
      title={Content Aware Neural Style Transfer}, 
      author={Rujie Yin},
      year={2016},
      journal = "arXiv"
      eprint={1601.04568},
}

@article{7,
    title = "Deep Generative Design: Integration of Topology Optimization and Generative Models.",
    author = "Oh, S., Jung, Y., Kim, S., Lee, I., and Kang, N.",
    year = "2019"
    journal = "ASME. J. Mech. Des. November 2019; 141(11): 111405. https://doi.org/10.1115/1.4044229."
}

